@article{needleman1970general,
  title={A general method applicable to the search for similarities in the amino acid sequence of two proteins},
  author={Needleman, Saul B and Wunsch, Christian D},
  journal={Journal of molecular biology},
  volume={48},
  number={3},
  pages={443--453},
  year={1970},
  publisher={Elsevier}
}

@article{smith1981comparison,
	title={Comparison of biosequences},
	author={Smith, Temple F and Waterman, Michael S},
	journal={Advances in applied mathematics},
	volume={2},
	number={4},
	pages={482--489},
	year={1981},
	publisher={Elsevier}
}

@article{EMBOSS,
	title={EMBOSS: The European Molecular Biology Open Software Suite},
	year={2000} ,
	author={Rice,P. Longden,I. and Bleasby,A.},
	journal={Trends in Genetics},
	volume={16},
	number={6},
	pages={276--277}
}